@inproceedings{Wang:2011:RRP:2013879.2014089,
	author = {Wang, Norman and Doube, Wendy},
	title = {How Real is Really? A Perceptually Motivated System for Quantifying Visual Realism in Digital Images},
	booktitle = {Proceedings of the 2011 International Conference on Multimedia and Signal Processing - Volume 02},
	series = {CMSP '11},
	year = {2011},
	isbn = {978-0-7695-4356-7},
	pages = {141--149},
	numpages = {9},
	url = {http://dx.doi.org/10.1109/CMSP.2011.172},
	doi = {10.1109/CMSP.2011.172},
	acmid = {2014089},
	publisher = {IEEE Computer Society},
	address = {Washington, DC, USA},
	keywords = {game studies, image classification, image processing, immersion, photorealism, presence, realism, shadow segmentation, uncanny valley, video game, virtual reality},
} 