@Book{siderits2007buddhism,
 author = {Siderits, Mark},
 title = {Buddhism as philosophy : an introduction},
 publisher = {Ashgate Hackett Pub. Co},
 year = {2007},
 address = {Aldershot, England Indianapolis, IN},
 isbn = {978-0872208735}
 }
@Book{lewis1986on,
	author = {Lewis, David},
	title = {On the plurality of worlds},
	publisher = {B. Blackwell},
	year = {1986},
	address = {Oxford, UK New York, NY, USA},
	isbn = {0631139931}
}



@Misc{ChalmersVR,
	author =       {Chalmers, David J.},
	title =        {The Virtual and the Real},
	year =         {2016},
	month =        {03},
	note =         {Do our minds draw a line between digitally and naturally generated experience? Is your smartphone part of your mind? NYU scholar David Chalmers delves into such questions on March 28.
	[Accessed: 2016 11 01]},
	annote = { {Do our minds draw a line between digitally and naturally generated experience? In this lecture for undergraduates at Skidmore College, David Chalmers argues for virtual realism, the position that virtual objects are real, experience in virtual reality is not illusory, and virtual experiences are as valuable as what we might call real reality.}
	url ={http://consc.net/papers/virtual.pdf},
}

@Book{berkeley2003a,
	author = {Berkeley, George},
	title = {A treatise concerning the principles of human knowledge},
	publisher = {Dover Publications},
	year = {2003},
	address = {Mineola, N.Y},
	isbn = {978-0486432533}
}
@inproceedings{Wang:2011:RRP:2013879.2014089,
	author = {Wang, Norman and Doube, Wendy},
	title = {How Real is Really? A Perceptually Motivated System for Quantifying Visual Realism in Digital Images},
	booktitle = {Proceedings of the 2011 International Conference on Multimedia and Signal Processing - Volume 02},
	series = {CMSP '11},
	year = {2011},
	isbn = {978-0-7695-4356-7},
	pages = {141--149},
	numpages = {9},
	url = {http://dx.doi.org/10.1109/CMSP.2011.172},
	doi = {10.1109/CMSP.2011.172},
	acmid = {2014089},
	publisher = {IEEE Computer Society},
	address = {Washington, DC, USA},
	keywords = {game studies, image classification, image processing, immersion, photorealism, presence, realism, shadow segmentation, uncanny valley, video game, virtual reality},
} 
@Book{lewis1986on,
	author = {Lewis, David},
	title = {On the plurality of worlds},
	publisher = {B. Blackwell},
	year = {1986},
	address = {Oxford, UK New York, NY, USA},
	isbn = {9780631224266}
}
@book{lewis2001counterfactuals,
	author = {Lewis, David},
	title = {Counterfactuals},
	publisher = {Blackwell Publishers},
	year = {2001},
	address = {Malden, Mass},
	isbn = {978-0631224952}
}
@article{Lewis1978-LEWTIF,
	pages = {37--46},
	journal = {American Philosophical Quarterly},
	year = {1978},
	title = {Truth in Fiction},
	author = {David Lewis},
	number = {1},
	volume = {15},
	publisher = {University of Illinois Press}
}
@inproceedings{Brown04agrounded,
	author = {Emily Brown and Paul Cairns},
	title = {A Grounded Investigation of Game Immersion},
	booktitle = {Proc. Chi 2004, ACM Press},
	year = {2004},
	pages = {1297--1300},
	publisher = {Press}
}
@misc{EVEArticle,
	title = {Virtual Theft in EVE Online},
	howpublished = {\url{http://arstechnica.com/gaming/2009/07/virtual-theft-in-eve-online-creates-run-on-bank/}},
	note = {Accessed: 2016-11-10}
}
@inproceedings{Cheng:2005:BRI:1056808.1056894,
	author = {Cheng, Kevin and Cairns, Paul A.},
	title = {Behaviour, Realism and Immersion in Games},
	booktitle = {CHI '05 Extended Abstracts on Human Factors in Computing Systems},
	series = {CHI EA '05},
	year = {2005},
	isbn = {1-59593-002-7},
	location = {Portland, OR, USA},
	pages = {1272--1275},
	numpages = {4},
	url = {http://doi.acm.org/10.1145/1056808.1056894},
	doi = {10.1145/1056808.1056894},
	acmid = {1056894},
	publisher = {ACM},
	address = {New York, NY, USA},
	keywords = {behaviour, games, immersion, realism},
} 
@MISC{Zahorik98presenceas,
	author = {P Zahorik and R L Jenison},
	title = {Presence as being-in-the-world. Presence: Teleoperators and Virtual Environments},
	year = {1998}
}
@Book{moran2000introduction,
	author = {Moran, Dermot},
	title = {Introduction to phenomenology},
	publisher = {Routledge},
	year = {2000},
	address = {London New York},
	isbn = {9780203196632}
}
@Book{csikszentmihalyi1990flow,
	author = {Csikszentmihalyi, Mihaly},
	title = {Flow : the psychology of optimal experience},
	publisher = {Harper \& Row},
	year = {1990},
	address = {New York},
	isbn = {0060162538}
}
@article{Cummings_2015, title={How Immersive Is Enough? A Meta-Analysis of the Effect of Immersive Technology on User Presence}, volume={19}, ISSN={1532-785X}, url={http://dx.doi.org/10.1080/15213269.2015.1015740}, DOI={10.1080/15213269.2015.1015740}, number={2}, journal={Media Psychology}, publisher={Informa UK Limited}, author={Cummings, James J. and Bailenson, Jeremy N.}, year={2015}, month={May}, pages={272–309}}
 @article{Slater_1994, title={Depth of Presence in Virtual Environments}, volume={3}, ISSN={1531-3263}, url={http://dx.doi.org/10.1162/pres.1994.3.2.130}, DOI={10.1162/pres.1994.3.2.130}, number={2}, journal={Presence: Teleoperators and Virtual Environments}, publisher={MIT Press - Journals}, author={Slater, Mel and Usoh, Martin and Steed, Anthony}, year={1994}, month={Jan}, pages={130–144}}
@inproceedings{Manuel:2012:IIG:2371456.2371476,
	author = {Manuel, David and Moore, David and Charissis, Vassilis},
	title = {An Investigation into Immersion in Games Through Motion Control and Stereo Audio Reproduction},
	booktitle = {Proceedings of the 7th Audio Mostly Conference: A Conference on Interaction with Sound},
	series = {AM '12},
	year = {2012},
	isbn = {978-1-4503-1569-2},
	location = {Corfu, Greece},
	pages = {124--129},
	numpages = {6},
	url = {http://doi.acm.org/10.1145/2371456.2371476},
	doi = {10.1145/2371456.2371476},
	acmid = {2371476},
	publisher = {ACM},
	address = {New York, NY, USA},
	keywords = {Kinect sensor, audio game, immersion, motion control, sound interaction},
} 
@article{Brockmyer2009624,
	title = "The development of the Game Engagement Questionnaire: A measure of engagement in video game-playing ",
	journal = "Journal of Experimental Social Psychology ",
	volume = "45",
	number = "4",
	pages = "624 - 634",
	year = "2009",
	note = "",
	issn = "0022-1031",
	doi = "http://dx.doi.org/10.1016/j.jesp.2009.02.016",
	url = "http://www.sciencedirect.com/science/article/pii/S0022103109000444",
	author = "Jeanne H. Brockmyer and Christine M. Fox and Kathleen A. Curtiss and Evan McBroom and Kimberly M. Burkhart and Jacquelyn N. Pidruzny",
	keywords = "Video games",
	keywords = "Violence",
	keywords = "Measurement",
	keywords = "Rasch",
	keywords = "Psychological engagement",
	keywords = "Immersion",
	keywords = "Presence",
	keywords = "Flow",
	keywords = "Psychological absorption "
}
@Book{goldie2010the,
	author = {Goldie, Peter},
	title = {The Oxford handbook of philosophy of emotion},
	publisher = {Oxford University Press},
	year = {2010},
	address = {Oxford New York},
	isbn = {0199654379}
}
@Book{gould2012the,
	author = {Gould, Josiah},
	title = {The philosophy of Chrysippus},
	publisher = {State Univ. of New York Press},
	year = {2012},
	address = {Albany},
	isbn = {1438433743}
}
@Book{schutz1962collected,
	author = {Schutz, Alfred},
	title = {Collected papers},
	publisher = {Martinus Nijhoff},
	year = {1962},
	address = {The Hague},
	isbn = {9400715145}
}
@Book{plato1921plato,
	author = {Plato, },
	title = {Plato},
	publisher = {Harvard University Press},
	year = {1921},
	address = {Cambridge, Mass},
	isbn = {0674991850}
}
@Book{plato2014the,
	author = {Plato, },
	title = {The republic},
	publisher = {Black \& White Classics},
	year = {2014},
	address = {Place of publication not identified},
	isbn = {1503379981}
}
@Book{aristotle1992on,
	author = {Aristotle, },
	title = {On sophistical refutations ; On coming-to-be and passing away},
	publisher = {Harvard University Press W. Heinemann},
	year = {1992},
	address = {Cambridge, Mass. London},
	isbn = {0674994418}
}
@Book{thomson2012bacon,
	author = {Thomson, Garrett},
	title = {Bacon to Kant : an introduction to modern philosophy},
	publisher = {Waveland Press, Inc},
	year = {2012},
	address = {Long Grove, Ill},
	isbn = {1577667530}
}
@Book{2013nagarjuna,
	author = {Nagarjuna, },
	title = {Nagarjuna's Middle way : the Mulamadhyamakakarika},
	publisher = {Wisdom Publications},
	year = {2013},
	address = {Boston},
	isbn = {9781614290506}
}
@article{10.2307/4619602,
	ISSN = {00318191, 1469817X},
	URL = {http://www.jstor.org/stable/4619602},
	author = {P. M. S. Hacker},
	journal = {Philosophy},
	number = {222},
	pages = {477-486},
	publisher = {[Royal Institute of Philosophy, Cambridge University Press]},
	title = {Events, Ontology and Grammar},
	volume = {57},
	year = {1982}
}

@Book{nozick2013anarchy,,
	author = {Nozick, Robert},
	title = {Anarchy, state, and utopia},
	publisher = {Basic Books, a member of the Perseus Books Group},
	year = {2013},
	address = {New York},
	isbn = {0465051006}
}
@InCollection{sep-stoicism,
	author       =	{Baltzly, Dirk},
	title        =	{Stoicism},
	booktitle    =	{The Stanford Encyclopedia of Philosophy},
	editor       =	{Edward N. Zalta},
	howpublished =	{\url{https://plato.stanford.edu/archives/spr2014/entries/stoicism/}},
	year         =	{2014},
	edition      =	{Spring 2014},
	publisher    =	{Metaphysics Research Lab, Stanford University}
}
@InCollection{sep-introspection,
	author       =	{Schwitzgebel, Eric},
	title        =	{Introspection},
	booktitle    =	{The Stanford Encyclopedia of Philosophy},
	editor       =	{Edward N. Zalta},
	howpublished =	{\url{https://plato.stanford.edu/archives/win2016/entries/introspection/}},
	year         =	{2016},
	edition      =	{Winter 2016},
	publisher    =	{Metaphysics Research Lab, Stanford University}
}
@Book{nussbaum2001upheavals,
	author = {Nussbaum, Martha},
	title = {Upheavals of thought : the intelligence of emotions},
	publisher = {Cambridge University Press},
	year = {2001},
	address = {Cambridge New York},
	isbn = {0521531829}
}
 @article{Cacioppo_2013, title={Marital satisfaction and break-ups differ across on-line and off-line meeting venues}, volume={110}, ISSN={1091-6490}, url={http://dx.doi.org/10.1073/pnas.1222447110}, DOI={10.1073/pnas.1222447110}, number={25}, journal={Proceedings of the National Academy of Sciences}, publisher={Proceedings of the National Academy of Sciences}, author={Cacioppo, J. T. and Cacioppo, S. and Gonzaga, G. C. and Ogburn, E. L. and VanderWeele, T. J.}, year={2013}, month={Jun}, pages={10135–10140}}
 @Book{wittgenstein2009philosophische,
 	author = {Wittgenstein, Ludwig},
 	title = {Philosophische Untersuchungen = Philosophical investigations},
 	publisher = {Wiley-Blackwell},
 	year = {2009},
 	address = {Chichester, West Sussex, U.K. Malden, MA},
 	isbn = {1405159286}
 }